@book{rudin,
  author =	 {Walter Rudin},
  title =	 {Real and Complex Analysis},
  publisher = {McGraw-Hill},
  year = {1970}
}

@book{lang,
  author = {Serge Lang},
  title  = {Complex Analysis},
  publisher = {Springer},
  year = {1999},
  isbn = {0387985921}
}

@Book{garnett,
  author = {John B. Garnett and Donald E. Marshall},
  title  = {Harmonic measure},
  publisher = {Cambridge University Press},
  year = {2005},
  isbn = {0521720605}
}

@book{lin,
  author = {I-Hsiung Lin},
  title  = {Classical Complex Analysis: A Geometric Approach (Volume 2)},
  publisher = {World Scientific},
  year = {2010},
  isbn = {9814271292}
}

@book{conway,
  author = {John B. Conway},
  title  = {Functions of One Complex Variable II},
  publisher = {Springer},
  year = {1995},
  isbn = {0387944605}
}

@book{dettman,
  author = {John W. Dettman},
  title  = {Applied Complex Variables},
  publisher = {Dover Publications},
  year = {1984},
  isbn = {048664670X}
}

@book{hoffman,
  author = {Kenneth Hoffman},
  title  = {Banach Spaces of Analytic Functions},
  publisher = {Dover Publications},
  year = {1988},
  isbn = {048665785X}
}

@book{kodaira,
  author = {Kunihiko Kodaira},
  title  = {Complex Analysis},
  publisher = {Cambridge University Press},
  year = {2007},
  isbn = {9780511804045}
}

@article{needham2,
  author = {Tristan Needham},
  title  = {The Geometry of Harmonic Functions},
  journal = {Mathematics Magazine},
  volume = {67},
  number = {2},
  month = {4},
  year = {1994},
  pages = {92--108},
}

@book{needham,
  author = {Tristan Needham},
  title  = {Visual Complex Analysis},
  publisher = {Oxford University Press},
  year = {1997},
  isbn = {0198534477}
}

@article{mortini,
  author = {Raymond Mortini},
  title = {The mapping properties of some non-holomorphic functions on the unit disk},
  url = {https://hal.archives-ouvertes.fr/hal-01093924},
  journal = {Bulletin of the Belgian Mathematical Society - Simon Stevin},
  publisher = {Belgian Mathematical Society},
  volume = {21},
  number = {1},
  pages = {117-125},
  year = {2014},
  pdf = {https://hal.archives-ouvertes.fr/hal-01093924/file/mappings2-copy.pdf},
  hal_id = {hal-01093924},
  hal_version = {v1},
}

@book{garnett1981bounded,
  author = {John Garnett},
  title = {Bounded Analytic Functions},
  publisher = {Springer-Verlag New York},
  year = {2007},
  isbn = {9780387336213}
  series = {Graduate Texts in Mathematics},
  volume = {236}
}
